@book{examplebook,
  author    = {John Doe},
  title     = {Example Book},
  year      = {2020},
  publisher = {Example Publisher}
}

@misc{rfc9110,
  series       = {Request for Comments},
  number       = {9110},
  howpublished = {RFC 9110},
  publisher    = {RFC Editor},
  doi          = {10.17487/RFC9110},
  url          = {https://datatracker.ietf.org/doc/html/rfc9110},
  author       = {Roy T. Fielding and Mark Nottingham and Julian Reschke},
  title        = {{HTTP Semantics}},
  pagetotal    = {194},
  year         = {2022},
  month        = jun,
  abstract     = {The Hypertext Transfer Protocol (HTTP) is a stateless application-level protocol for distributed, collaborative, hypertext information systems. This document describes the overall architecture of HTTP, establishes common terminology, and defines aspects of the protocol that are shared by all versions. In this definition are core protocol elements, extensibility mechanisms, and the "http" and "https" Uniform Resource Identifier (URI) schemes. This document updates RFC 3864 and obsoletes RFCs 2818, 7231, 7232, 7233, 7235, 7538, 7615, 7694, and portions of 7230.}
}


@misc{w3c_http_history,
  author = {{World Wide Web Consortium (W3C)}},
  title  = {Hypertext Transfer Protocol (HTTP) as Implemented in W3},
  year   = {n.d.},
  url    = {https://www.w3.org/Protocols/HTTP/AsImplemented.html},
  note   = {Accessed: 2024-11-27}
}
@misc{rfc,
  series       = {Request for Comments},
  number       = {9280},
  howpublished = {RFC 9280},
  publisher    = {RFC Editor},
  doi          = {10.17487/RFC9280},
  url          = {https://datatracker.ietf.org/doc/html/rfc9280},
  author       = {Martin Thomson and Francesca Palombini},
  title        = {The RFC Series and RFC Editor},
  pagetotal    = {19},
  year         = {2022},
  month        = jun,
  abstract     = {This document describes the processes and organization of the RFC Series, the guidelines for the RFC Editor role, and the broader responsibilities within the Internet standards process. It provides an updated definition of the RFC Editor and explains its purpose in maintaining the quality and accessibility of Internet standards documents.}
}
@misc{w3c_html_href_draft,
  author = {{World Wide Web Consortium (W3C)}},
  title  = {HTML Working Group Draft: HREF and URL Standards},
  year   = {n.d.},
  url    = {https://www.w3.org/html/wg/href/draft#url},
  note   = {Accessed: 2024-11-27}
}

@misc{cloudflare_internet_protocol,
  author = {{Cloudflare Learning Center}},
  title  = {What is Internet Protocol (IP)?},
  year   = {n.d.},
  url    = {https://www.cloudflare.com/learning/network-layer/internet-protocol/},
  note   = {Accessed: 2024-11-27}
}

@misc{rfc760,
  series       = {Request for Comments},
  number       = 760,
  howpublished = {RFC 760},
  publisher    = {RFC Editor},
  doi          = {10.17487/RFC0760},
  url          = {https://www.rfc-editor.org/info/rfc760},
  author       = {},
  title        = {{DoD standard Internet Protocol}},
  pagetotal    = 46,
  year         = 1980,
  month        = jan,
  abstract     = {}
}

@misc{ou_internet_history,
  author = {{University of Oklahoma}},
  title  = {History of the World Wide Web},
  year   = {n.d.},
  url    = {https://www.ou.edu/research/electron/internet/www.htm},
  note   = {Accessed: 2024-11-27}
}

@misc{cloudflare_client_server,
  author = {{Cloudflare Learning Center}},
  title  = {What Do Client Side and Server Side Mean?},
  year   = {n.d.},
  url    = {https://www.cloudflare.com/learning/serverless/glossary/client-side-vs-server-side/},
  note   = {Accessed: 2024-11-27}
}

@misc{bernerslee1992_http,
  author       = {Tim Berners-Lee},
  title        = {{Basic HTTP as defined in 1992}},
  year         = {1992},
  howpublished = {World Wide Web Consortium},
  url          = {https://www.w3.org/Protocols/HTTP/HTTP2.html},
  note         = {Retrieved 2021-10-19}
}

@misc{rfc2616,
  author       = {R. Fielding and J. Gettys and J. Mogul and H. Frystyk and L. Masinter and P. Leach and T. Berners-Lee},
  title        = {{Hypertext Transfer Protocol -- HTTP/1.1}},
  year         = {1999},
  month        = {June},
  howpublished = {Request for Comments},
  number       = {2616},
  publisher    = {RFC Editor},
  url          = {https://www.rfc-editor.org/rfc/rfc2616#section-13.5.1},
  note         = {Obsoleted by RFCs 7230, 7231, 7232, 7233, 7234, and 7235. Errata exist.}
}

@misc{rfc1945,
  author       = {T. Berners-Lee and R. Fielding and H. Frystyk},
  title        = {{Hypertext Transfer Protocol -- HTTP/1.0}},
  year         = {1996},
  month        = {May},
  howpublished = {Request for Comments},
  number       = {1945},
  publisher    = {RFC Editor},
  url          = {https://www.rfc-editor.org/rfc/rfc1945},
  note         = {Category: Informational.}
}

@misc{rfc2068,
  author       = {R. Fielding and J. Gettys and J. Mogul and H. Frystyk and T. Berners-Lee},
  title        = {{Hypertext Transfer Protocol -- HTTP/1.1}},
  year         = {1997},
  month        = {January},
  howpublished = {Request for Comments},
  number       = {2068},
  publisher    = {RFC Editor},
  url          = {https://www.rfc-editor.org/rfc/rfc2068},
  note         = {Category: Standards Track.}
}

@misc{rfc7540,
  author       = {M. Belshe and R. Peon and M. Thomson},
  title        = {{Hypertext Transfer Protocol Version 2 (HTTP/2)}},
  year         = {2015},
  month        = {May},
  howpublished = {Request for Comments},
  number       = {7540},
  publisher    = {RFC Editor},
  issn         = {2070-1721},
  url          = {https://www.rfc-editor.org/rfc/rfc7540},
  note         = {Category: Standards Track.}
}

@misc{rfc9114,
  author       = {M. Bishop},
  title        = {{HTTP/3}},
  year         = {2022},
  month        = {June},
  howpublished = {Request for Comments},
  number       = {9114},
  publisher    = {RFC Editor},
  issn         = {2070-1721},
  url          = {https://www.rfc-editor.org/rfc/rfc9114},
  note         = {Category: Standards Track.}
}

@article{multiplexing_networkencyclopedia,
  author  = {{Editorial Team}},
  title   = {Multiplexing},
  journal = {Network Encyclopedia},
  year    = {2023},
  month   = {October},
  url     = {https://networkencyclopedia.com/multiplexing/},
  note    = {Last edited October 5, 2023}
}
